

@book{GollmannComputerSecurity,
  author    = {Dieter Gollmann},
  title     = {Computer Security {(3.} ed.)},
  publisher = {Wiley},
  year      = {2011},
  url       = {http://eu.wiley.com/WileyCDA/WileyTitle/productCd-1118801326.html},
  isbn      = {978-0-470-74115-3},
  timestamp = {Mon, 13 Mar 2017 16:08:10 +0100},
  biburl    = {https://dblp.org/rec/bib/books/daglib/0025849},
  bibsource = {dblp computer science bibliography, https://dblp.org}
}

@article{rutkowska2010qubes,
  title={Qubes OS architecture},
  author={Rutkowska, Joanna and Wojtczuk, Rafal},
  journal={Invisible Things Lab Tech Rep},
  volume={54},
  year={2010}
}

@online{XenNetworking,
title = {Xen Networking},
month = jun,
year = {2018},
howpublished = "\url{https://wiki.xenproject.org/wiki/Xen_Networking}",
}

@online{XenDriverDomain,
title = {Xen Driver Domain},
month = jan,
year = {2013},
howpublished = "\url{https://wiki.xenproject.org/wiki/Driver_Domain}",
}

@online{IntelVirtualizationTechnology,
title = {Intel Virtualization technology},
howpublished = "\url{https://www.intel.com/content/www/us/en/virtualization/virtualization-technology/intel-virtualization-technology.html?iid=tech_vt+tech_vt}",
}

@online{QubesDevelMailingList,
title = {Qubes-devel mailing list}
howpublished = "\url{https://groups.google.com/forum/\#!forum/qubes-devel}",
}

@online{IPtablesFirewall,
title = {How the Iptables Firewall Works},
month = may,
year = {2014},
howpublished = "\url{https://www.digitalocean.com/community/tutorials/how-the-iptables-firewall-works}",
}
